@Manual{X.680:2002,
  title        = "Information technology -- Abstract Syntax Notation
                  One (ASN.1): Specification of basic notation",
  organization = "ITU-T Rec. X.680 (2002) or ISO/IEC 8824-1:2002",
  URL          = "http://www.itu.int/ITU-T/studygroups/com17/languages/X.680-0207.pdf"
}

@Manual{X.681:2002,
  title        = "Information technology -- Abstract Syntax Notation
		  One (ASN.1): Information object specification",
  organization = "ITU-T Rec. X.681 (2002) or ISO/IEC 8824-2:2002",
  URL          = "http://www.itu.int/ITU-T/studygroups/com17/languages/X.681-0207.pdf"
}
	  
@Manual{X.682:2002,
  title        = "Information technology -- Abstract Syntax Notation
		  One (ASN.1): Constraint specification",
  organization = "ITU-T Rec. X.682 (2002) or ISO/IEC 8824-3:2002",
  URL          = "http://www.itu.int/ITU-T/studygroups/com17/languages/X.682-0207.pdf"
}
		  
@Manual{X.683:2002,
  title        = "Information technology -- Abstract Syntax Notation
		  One (ASN.1): Parametrization of ASN.1 specifications",
  organization = "ITU-T Rec. X.683 (2002) or ISO/IEC 8824-4:2002",
  URL          = "http://www.itu.int/ITU-T/studygroups/com17/languages/X.683-0207.pdf"
}

@Manual{X.690:2002,
  title        = "Information technology -- ASN.1 Encoding Rules:
		  Specification of Basic Encoding Rules (BER),
		  Canonical Encoding Rules (CER) and Distinguished
		  Encoding Rules (DER)",
  organization = "ITU-T Rec. X.690 (2002) or ISO/IEC 8825-1:2002",
  URL          = "http://www.itu.int/ITU-T/studygroups/com17/languages/X.690-0207.pdf"
}
		  
@Manual{X.691:2002,
  title        = "Information technology -- ASN.1 Encoding Rules:
		  Specification of Packed Encoding Rules (PER)", 
  organization = "ITU-T Rec. X.691 (2002) or ISO/IEC 8825-2:2002",
  URL          = "http://www.itu.int/ITU-T/studygroups/com17/languages/X.691-0207.pdf"
}


@TechReport{Plotkin:1981,
  author = 	 "Gordon D. Plotkin",
  title = 	 "A structural approach to operational semantics",
  institution =  "Computer Science Department, Aarhus University",
  year = 	 1981,
  number =	 {DAIMI FN-19}
}

@InProceedings{AikenKozenVardiWimmers:1993,
  author = 	 {Alexander Aiken and Dexter Kozen and Moshe Vardi and
                  Edward Wimmers},
  title = 	 {{T}he {C}omplexity of {S}et {C}onstraints},
  booktitle = 	 {Computer Science Logic},
  pages =	 {1--17},
  year =	 1993,
  volume =	 832,
  series =	 {Lecture Notes in Computer Science},
  address =      {Swansea, Wales},
  month =	 sep,
  publisher =	 {Springer Verlag}
}

@InProceedings{AikenWimmers:1992,
  author = 	 {Alexander Aiken and Edward Wimmers},
  title = 	 {{S}olving {S}ystems of {S}et {C}onstraints},
  booktitle = 	 {{S}eventh {A}nnual {IEEE} {S}ymposium on {L}ogic in
                  {C}omputer {S}cience},
  pages =	 {329--340},
  year =	 1992,
  address =	 {Santa Cruz, California},
  month =	 jun,
  note =	 {Extended Abstract}
}

@InProceedings{Aiken:1994,
  author = 	 {Alexander Aiken},
  title = 	 {{S}et {C}onstraints: {R}esults, {A}pplications, and
                  {F}uture {D}irections},
  booktitle = 	 {Second Workshop on the Principles and Practice of
                  Constraint Programming},
  volume =       {874},
  pages =	 {326--335},
  year =	 1994,
  series =	 {Lecture Notes on Computer Science},
  address =	 {Orcas Island, Washington},
  month =	 may,
  publisher =	 {Springer Verlag}
}

@misc{Mortazavi:1996,
  author = "Masood Mortazavi",
  title  = "Sets and Types: A Review",
  month  = jun,
  year   = 1996,
  URL    = "http://citeseer.nj.nec.com/mortazavi96set.html"
}

@InProceedings{PacholskiPodelski:1997,
  author    = "Leszek Pacholski and Andreas Podelski",
  title     = "Set {C}onstraints: {A} {P}earl in {R}esearch on
              {C}onstraints", 
  booktitle = "Third Conference on Principles and Practice of
                Constraint Programming",
  volume    = 1330,
  pages     = "549-562",
  year      = 1997,
  series    = {Lecture Notes in Computer Science},
  publisher = {Springer Verlag}
}

@Book{Dubuisson:2000,
  author    = "Olivier Dubuisson",
  title     = "{\mbox{ASN.1} -- {C}ommunication {B}etween
                  {H}eterogeneous {S}ystems}",
  publisher = "Academic Press",
  year      = 2000,
  note      = "ISBN 0-12-6333361-0", 
  URL       = "http://www.oss.com/asn1/dubuisson.html"
}

@TechReport{Clement:1985,
  author = 	 "Dominique Cl{\'{e}}ment and Jo{\"{e}}lle Despeyroux 
                  and Thierry Despeyroux and Laurent Hascoet 
                  and Gilles Kahn",
  title = 	 "Natural semantics on the computer",
  institution =  "INRIA",
  year = 	 1985,
  number = 	 116
}

@Book{AhoSethiUllman:1986,
  author    = "Alfred Aho and Ravi Sethi and Jeffrey Ullman",
  title     = "Compilers: principles, techniques and tools",
  publisher = "Addison-Wesley",
  year      = "1986",
  pages     = 796,
  note      = "ISBN 0-201-10088-6"
}

@Book{CousineauMauny:1998,
  author =	 {Guy Cousineau and Michel Mauny},
  title = 	 {{T}he {F}unctional {A}pproach to {P}rogramming},
  publisher = 	 {Cambridge University Press},
  year = 	 1998,
  note =	 {ISBN 0-521-57183-9 (hardcover), 0-521-57681-4 (paperback)}
}

@Manual{OCaml:manual,
  title        = {The {O}bjective {C}aml {S}ystem --- {D}ocumentation
                  and {U}ser's {M}anual},
  author       = {Xavier Leroy and Damien Doligez and Jacques Garrigue
                  and Didier R\'{e}my and J\'{e}r\^{o}me Vouillon},
  organization = {{I}nstitut {N}ational de {R}echerche en
                    {I}nformatique et {A}utomatique},
  URL          = "http://caml.inria.fr/ocaml/htmlman/"
}

@Book{Larmouth:2000,
  author       = {John Larmouth},
  title        = {\mbox{ASN.1} {C}omplete},
  publisher    = {Morgan Kaufman},
  year         = 2000,
  note         = {ISBN 0-12-233435-3}, 
  URL          = "http://www.oss.com/asn1/larmouth.html"
}

@PhdThesis{myPhD,
  author       = "{\relax Ch}ristian Rinderknecht",
  title        = "Une formalisation d'\mbox{ASN.1} --- Application
                  d'une m\'{e}thode formelle \`{a} un langage de sp\'{e}cification t\'{e}l\'{e}com",
  school       = "Universit\'{e} Pierre et Marie Curie (Paris 6)",
  year         = 1998,
  month        = dec,
  URL          = "http://cristal.inria.fr/~rinderkn/these.ps.gz"
}

@Misc{Huet:2002,
  author       = {G\'{e}rard Huet},
  title        = {{T}ransducers as lexicon morphisms, phonemic
                  segmentation by euphony analysis, application to a
                  sanskrit tagger},
  year         = 2002,
  URL          = "http://pauillac.inria.fr/~huet/FREE/tagger.pdf"
}

