@InProceedings{VolanschiRinderknecht:2008,
  author    = {N. Volanschi and C. Rinderknecht},
  title     = {{U}nparsed {P}atterns: {E}asy {U}ser-extensibility
               of {P}rogram {M}anipulation {T}ools},
  booktitle = {ACM SIGPLAN Workshop on Partial Evaluation and
               Program Manipulation (PEPM)},
  year      = 2008,
  address   = {San Francisco (USA)},
  month     = jan,
  publisher = {ACM Press},
}

@comment{author    = {Nachum Dershowitz and Jean-Pierre Jouannaud},}

@InBook{HTCS:1990,
  editor    = {J. Van Leeuwen},
  title     = {Formal {M}odels and {S}emantics},
  chapter   = {Rewrite Systems},
  publisher = {Elsevier},
  year      = 1990,
  volume    = {B},
  pages     = {243--320}
}

@TechReport{mj,
  author      =	{G. Back and D. Engler},
  title       = {{MJ}--{A} {S}ystem for constructing {B}ug-finding
                 {A}nalyses for {J}ava},
  institution = {Stanford University (USA)},
  year        = 2003,
  month       = sep
}

@InProceedings{cduce,
  author    = {D. Beyer and G. Castagna and A. Frisch},
  title     = {{CD}uce: an {XML}-centric {G}eneral-purpose {L}anguage},
  booktitle = {8th ACM SIGPLAN Int. Conf. Functional Prog. (ICFP)},
  year      = 2003,
  address   = {Uppsala (Sweden)},
  month     = aug,
  publisher = {ACM Press}
}

@InProceedings{blast-ql,
  author    = {D. Beyer and A.J. Chlipala and T.A. Henzinger and
               R. Jhala and R. Majumdar},
  title     = {{T}he {BLAST} {Q}uery {L}anguage for {S}oftware
               {V}erification},
  booktitle = {6th ACM SIGPLAN Int. Conf.
               Principles and Practice of Declarative Prog. (PPDP)},
  year      = 2004,
  address   = {Verona (Italy)},
  month     = aug,
  publisher = {ACM Press}
}

@Article{asf+sdf,
  author  = {M.G.J. van den Brand and J. Heering and P. Klint and
             P.A. Olivier.},
  title   = {{C}ompiling {L}anguage {D}efinitions: {T}he
             {ASF+SDF} {C}ompiler},
  journal = {ACM Trans. Prog. Lang. Syst.},
  year    = 1999,
  volume  = 24,
  pages   = {334--368}
}

@InProceedings{refine,
  author    = {S. Burson and G.B. Kotik and L.Z. Markosian},
  title     = {{A} {P}rogram {T}ransformation {A}pproach to
               automating {S}oftware {R}eengineering},
  booktitle = {14th ACM Conf. Comput. Softw. and Applications},
  year      = 1990,
  address   = {Chicago (USA)}
}

@InProceedings{mops,
  author    = { H. Chen and D. Wagner},
  title     = {{MOPS}: {A}n {I}nfrastructure for examining
               {S}ecurity {P}roperties of {S}oftware},
  booktitle = {9th ACM Conf. Comput. Commun. Security (CCS)},
  year      = 2002,
  address   = {Washington (USA)},
  month     = nov
}

@Article{flavers,
  author  = {J. Cobleigh and L. Clarke and L. Osterweil},
  title   = {{FLAVERS}: {A} {F}inite {S}tate {V}erification
             {T}echnique for {S}oftware {S}ystems},
  journal = {IBM Systems Journal},
  year    = 2002,
  volume  = 41,
  number  = 1
}

@InProceedings{esp,
  author    = {M. Das and S. Lerner and M. Seigle},
  title     = {{ESP}: {P}ath-sensitive {P}rogram {V}erification in
               {P}olynomial {T}ime},
  booktitle = {ACM SIGPLAN Conf. Prog. Lang. Design and Implementation
                  (PLDI)},
  year      = 2002,
  month     = jan
}

@InProceedings{mc,
  author    = {D. Engler and B. Chelf and A. Chou and S. Hallem},
  title     = {{C}hecking {S}ystem {R}ules {U}sing
               {S}ystem-specific, {P}rogrammer-written {C}ompiler
               {E}xtensions},
  booktitle = {4th Symposium on Operating Syst. Design and
               Implementation (OSDI)},
  year      = 2000,
  address   = {San Diego (USA)},
  month     = oct
}

@Manual{sdf,
  title        = {{T}he {S}yntax {D}efinition {F}ormalism {SDF}},
  author       = {J. Heering and P.R. Hendriks and P. Klint and
                  J. Rekers},
  organization = {SIGPLAN Notices},
  year         = 1992
}

@InProceedings{blast,
  author    = {T. Henzinger and R. Jhala and R. Majumdar and
               G. Necula and G. Sutre and W. Weimer},
  title     = {{T}emporal-safety {P}roofs for {S}ystems {C}ode},
  booktitle = {14th Int. Conf. Computer-aided Verif. (CAV)},
  year      = 2002,
  volume    = {LNCS 2404},
  publisher = {Springer-Verlag}
}

@InProceedings{refine89,
  author    = {G. Kotik and L. Markosian},
  title     = {{A}utomating {S}oftware {A}nalysis and {T}esting
               using a {P}rogram {T}ransformation {S}ystem},
  booktitle = {3rd ACM Symposium on Softw. Testing, Analysis
               and Verif. (SIGSOFT)},
  year      = 1989,
  editor    = {R. A. Kemmerer},
  address   = {Key West (USA)},
  month     = dec,
  publisher = {ACM Press}
}

@TechReport{rooted,
  author      = {F. Luccio and A. M. Enriquez and P. O. Rieumont and
                 L. Pagli},
  title       = {{E}xact {R}ooted {S}ubtree {M}atching in {S}ublinear
                 {T}ime},
  institution = {University of Pisa (Italy)},
  year        = 2001,
  number      = {TR-01-14}
}

@InProceedings{pql,
  author    = {M. Martin and B. Livshits and M. Lam},
  title     = {{F}inding {A}pplication {E}rrors and {S}ecurity
               {F}laws using {PQL}: a {P}rogram {Q}uery {L}anguage},
  booktitle = {20th ACM SIGPLAN Conf. Object-oriented Prog.
               Syst. Lang. and Applications (OOPSLA)},
  year      = 2005
}

@InProceedings{elkhound,
  author    = {S. McPeak and G. C. Necula},
  title     = {{E}lkhound: {A} {F}ast, {P}ractical {GLR} {P}arser
               {G}enerator},
  booktitle = {Conf. Compiler Constructors (CC)},
  year      = 2004,
  month     = apr
}

@Article{cecil,
  author  = {K. Olender and L. Osterweil},
  title   = {{C}ecil: {A} {S}equencing {C}onstraint {L}anguage
             for {A}utomatic {S}tatic {A}nalysis {G}eneration},
  journal = {IEEE Trans. Softw. Eng.},
  year    = 1990,
  volume  = 16,
  number  = 3,
  month   = mar
}

@InProceedings{scruple,
  author       = {S. Paul},
  title        = {{SCRUPLE}: {A} {R}eengineer's {T}ool for {S}ource
                  {C}ode {S}earch},
  booktitle    = {Conf. of the Centre For Advanced Studies on
                  Collaborative Research},
  year         = 1992,
  editor       = {J. Botsford and A. Ryman and J. Slonim and D. Taylor},
  volume       = 1,
  address      = {Toronto (Canada)},
  month        = nov,
  organization = {IBM Centre for Advanced Studies},
  publisher    = {IBM Press}
}

@Article{scruple2,
  author  = {S. Paul and A. Prakash},
  title   = {A {F}ramework for {S}ource {C}ode {S}earch using
             {P}rogram {P}atterns},
  journal = {IEEE Trans. Softw. Eng.},
  year    = 1994,
  volume  = 20,
  number  = 6,
  month   = jun
}

@Article{unification,
  author  = {M. S. Peterson and M. N. Wegman},
  title   = {{L}inear {U}nification},
  journal = {J. Comput. Syst. Sci.},
  year    = 1978,
  volume  = 16,
  number  = 2,
  month   = apr
}


@InProceedings{behavioral,
 author = {C. De Roover and T. D'Hondt and J. Brichau and C. Noguera
                  and L. Duchien},
 title = {{B}ehavioral {S}imilarity {M}atching using {C}oncrete
                  {S}ource {C}ode {T}emplates in {L}ogic {Q}ueries},
 booktitle = {Proceedings of the 2007 ACM SIGPLAN symposium
                  on Partial evaluation and semantics-based program
                  manipulation (PEPM)},
 year = {2007},
 isbn = {978-1-59593-620-2},
 pages = {92--101},
 location = {Nice, France},
 doi = {http://doi.acm.org/10.1145/1244381.1244398},
 publisher = {ACM},
 address = {New York, NY, USA}
}

@InProceedings{gvn,
  author    = {B. K. Rosen and M. N. Wegman and F. K. Zadeck},
  title     = {{G}lobal {V}alue {N}umbers and {R}edundant
               {C}omputations},
  booktitle = {15th ACM SIGPLAN-SIGACT Symposium on Principles
               of Prog. Lang.},
  year      = 1988
}

@InProceedings{native,
  author    = {A. Sellink and C. Verhoef},
  title     = {{N}ative {P}atterns},
  booktitle = {Working Conf. on Reverse Eng. (WCRE)},
  year      = 1998,
  month     = oct,
  publisher = {IEEE Computer Society}
}

@Book{glr,
  author    = {M. Tomita},
  title     = {{E}fficient {P}arsing for {N}atural {L}anguage: a
               {F}ast {A}lgorithm for {P}ractical {S}ystems},
  publisher = {Kluwer Academic Publishers},
  year      = 1985
}

@InProceedings{metaprog,
  author     = {E. Visser},
  title      = {{M}eta-{P}rogramming with {C}oncrete {O}bject {S}yntax},
  booktitle  = {Generative Programming and Component Engineering (GPCE)},
  pages      = {299--315},
  year       = 2002,
  editor     = {Don Batory and Charles Consel and Walid Taha},
  volume     = 2487,
  series     = {Lecture Notes in Computer Science},
  issn       = {0302-9743},
  address    = {Pittsburgh, PA, USA},
  month      = {October},
  publisher  = {Springer-Verlag},
  urlpdf     = {http://www.st.ewi.tudelft.nl/~eelco/papers/Vis02-gpce.pdf},
  pubcat     = {conference},
  project    = {Stratego and XT and SDF},
  category   = {key and refereed},
  acceptance = {18/39 = 46\%}
}

@TechReport{scannerless,
  author      = {E. Visser},
  title       = {{S}cannerless {G}eneralized-{LR} {P}arsing},
  year        = {1997},
  month       = {July},
  number      = {P9707},
  institution = {Programming Research Group, University of Amsterdam},
  urlpsgz     = {http://www.cs.uu.nl/people/visser/ftp/P9707.ps.gz},
  url         = {http://www.wins.uva.nl/pub/programming-research/reports/1997/P9707.ps.gz},
  pubcat      = {techreport},
  project     = {SDF},
  category    = {key and non-refereed}
}

@InProceedings{ase,
  author    = {N. Volanschi},
  title     = {{A} {P}ortable {C}ompiler-integrated {A}pproach to
               {P}ermanent {C}hecking},
  booktitle = {21st IEEE Int. Conf. Automated Softw. Eng. (ASE)},
  year      = 2006,
  month     = sep
}

@InProceedings{ppdp,
  author    = {N. Volanschi},
  title     = {{C}ondate: a {P}roto-language at the {C}onfluence
               between {C}hecking and {C}ompiling},
  booktitle = {8th ACM SIGPLAN Symposium on Principles and
               Practice of Declarative Prog. (PPDP)},
  year      = 2006,
  address   = {Venice (Italy)},
  month     = jul,
  publisher = {ACM Press}
}

@InProceedings{tawk,
  author    = {W. Griswold and D. Atkinson and C. McCurdy},
  title     = {{F}ast, {F}lexible {S}yntactic {P}attern {M}atching
               and {P}rocessing},
  booktitle = {4th Int. Workshop on Program Comprehension},
  year      = 1996
}

@Article{brnglr,
  author  = {E. Scott and A. Johnstone and R. Economopoulos},
  title   = {{BRNGLR}: {A} {C}ubic {T}omita-style {GLR} parsing
             {A}lgorithm},
  journal = {Acta Informatica},
  year    = 2007,
  volume  = 44,
  number  = 6
}

@Article{earley,
  author  = {J. Earley},
  title   = {An {E}fficient {C}ontext-free {P}arsing {A}lgorithm},
  journal = {Commun. ACM},
  year    = 1970,
  volume  = 13,
  number  = 2
}

@InProceedings{type-disambig,
  author    = {M. Bravenboer and R. Vermaas and J. Vinju and
              E. Visser},
  title     = {{G}eneralized {T}ype-based {D}isambiguation of {M}eta
               {P}rograms with {C}oncrete {O}bject {S}yntax},
  booktitle = {4th Int. Conf. Generative Prog. and Component
               Eng. (GPCE)},
  year      = 2005,
  editor    = {R. Gl{\"u}ck and M. Lowry},
  volume    = {LNCS 3676},
  publisher = {Springer-Verlag},
  month     = sep
}

@InProceedings{maj,
  author    = {D. Zook and S. S. Huang and Y. Smaragdakis},
  title     = {Generating {AspectJ} {P}rograms with {Meta-AspectJ}},
  booktitle = {Conf. Generative Prog. and Component Eng. (GPCE)},
  year      = 2004,
  volume    = {LNCS 3286},
  address   = {Vancouver (Canada)},
  month     = oct,
  publisher = {Springer Verlag}
}

@Article{aterms,
author =      {M.G.J. van den Brand and H.A. de Jong and P. Klint
                  and P. Olivier},
title =       {{E}fficient {A}nnotated {T}erms},
journal =     {Software, Practice \& Experience},
year =        {2000},
pages =       {259--291},
volume =      {30}
}
