@Article{Bush:1940,
  author  = {L. E. Bush},
  title   = {An Asymptotic Formula for the Average Sum of the
             Digits of Integers},
  journal = {The American Mathematical Monthly},
  year    = 1940,
  volume  = 47,
  number  = 3,
  pages   = {154--156},
  month   = mar
}
@Book{Martin:2001,
  author    = {George Edward Martin},
  title     = {Counting: {The} Art of Enumerative Combinatorics},
  publisher = {Springer},
  year      = 2001
}

@Book{GrahamKnuthPatashnik:1994,
  author    = {Ronald L. Graham and Donald E. Knuth and Oren Patashnik},
  title     = {Concrete Mathematics},
  publisher = {Addison-Wesley},
  year      = 1994,
  edition   = {2nd}
}

@Book{CLRS:2009,
  author    = {Thomas Cormen and Charles Leiserson and Ronald
               Rivest and Clifford Stein},
  title     = {Introduction to {A}lgorithms},
  publisher = {The MIT Press},
  edition   = {third},
  year      = 2009,
  note      = {{ISBN} 978-0-262-03384-8}
}

@Book{Knuth:1997,
  author    = {Donald E. Knuth},
  title     = {Fundamental Algorithms},
  publisher = {Addison-Wesley},
  year      = 1997,
  volume    = 1,
  series    = {The Art of Computer Programming},
  edition   = {3rd}
}

@Book{Knuth:1998,
  author    = {Donald E. Knuth},
  title     = {Sorting and Searching},
  publisher = {Addison-Wesley},
  year      = 1998,
  volume    = 3,
  series    = {The Art of Computer Programming},
  edition   = {2nd}
}

@Book{SedgewickFlajolet:1996,
  author    = {Robert Sedgewick and Philippe Flajolet},
  title     = {An Introduction to the Analysis of Algorithms},
  publisher = {Addison-Wesley},
  year      = 1996
}

@Book{Knuth:2000,
  author    = {Donald E. Knuth},
  title     = {Selected Papers on the Analysis of Algorithms},
  publisher = {CSLI Publications},
  year      = 2000
}

@InBook{VitterFlajolet:1990,
  author    = {Jeffrey Scott Vitter and Philippe Flajolet},
  title     = {Algorithms and Complexity},
  chapter   = {Average-Case Analysis of Algorithms and Data Structures},
  publisher = {Elsevier Science},
  year      = 1990,
  volume    = {A},
  series    = {Handbook of Theoretical Computer Science},
  pages     = {431--524}
}

@InBook{Okasaki:1998,
  author    = {Chris Okasaki},
  title     = {Purely Functional Data Structures},
  chapter   = {Fundamentals of Amortization},
  publisher = {Cambridge University Press},
  year      = 1998,
  pages     = {39--56},
  note      = {Section 5.2}
}

@Article{Hinsen:2009,
  author  = {Konrad Hinsen},
  title   = {The Promises of Functional Programming},
  journal = {Computing in Science and Engineering},
  year    = 2009,
  volume  = 11,
  number  = 4,
  pages   = {86--90},
  month   = {July/August}
}

@Article{Hughes:1989,
  author  = {John Hughes},
  title   = {Why Functional Programming matters},
  journal = {The Computer Journal},
  year    = 1989,
  volume  = 32,
  number  = 2,
  pages   = {98--107},
  month   = apr
}

@Article{Armstrong:2010,
  author  = {Joe Armstrong},
  title   = {Erlang},
  journal = {Communications of the ACM},
  year    = 2010,
  volume  = 53,
  number  = 9,
  pages   = {68--75},
  month   = sep
}

@Book{Armstrong:2007,
  author    = {Joe Armstrong},
  title     = {Programming Erlang},
  publisher = {The Pragmatic Bookshelf},
  year      = 2007,
  month     = jul
}

@Book{Bird:2010,
  author    = {Richard Bird},
  title     = {Pearls of Functional Algorithm Design},
  publisher = {Cambridge University Press},
  year      = 2010,
  month     = oct
}

@InBook{VanLeeuwen:1990b,
  author    = {Hendrik Pieter Barendregt},
  title     = {Handbook of Theoretical Computer Science},
  chapter   = {Functional Programming and Lambda Calculus},
  publisher = {Elsevier Science},
  year      = 1990,
  volume    = {B (Formal Models and Semantics)},
  pages     = {321--363}
}
