@Article{Callan_1995,
  author  = {David Callan},
  title   = {{Pair them up! A visual approach to the Chung-Feller
             theorem}},
  journal = {The College Mathematics Journal},
  year    = 1995,
  volume  = 26,
  number  = 3,
  pages   = {196--198},
  month   = may
}

@Article{DershowitzZaks:1990,
title = "The {Cycle Lemma} and Some Applications",
author = "Nachum Dershowitz and Shmuel Zaks",
journal = "European Journal of Combinatorics",
volume = 11,
number = 1,
pages = {35--40},
year = 1990
}

@InBook{KnuthdeBruijnRice:1972,
  author    = {Donald E. Knuth and Nicolaas G. de Bruijn
               and Stephen O. Rice},
  booktitle     = {Graph Theory and Computing},
  title   = {The Average Height of Planted Plane Trees},
  publisher = {Academic Press},
  year      = 1972,
  month     = dec,
  pages     = {15--22},
  note      = {Republished in~\cite{KnuthdeBruijnRice:2000}.}
}

@Book{Mohanty:1979,
  author    = {Sri Gopal Mohanty},
  title     = {Lattice Path Counting and Applications},
  publisher = {Academic Press},
  series    = {Probability and Mathematical Statistics},
  volume    = {37},
  address   = {New York, USA},
  year      = 1979,
  month     = jan
}

@InProceedings{DershowitzZaks:1981,
  author    = {Nachum Dershowitz and Shmuel Zaks},
  title     = {Applied Tree Enumerations},
  booktitle = {Proceedings of the Sixth Colloquium on Trees in
               Algebra and Programming},
  pages     = {180--193},
  year      = 1981,
  address   = {Berlin, Germany},
  volume    = 112,
  series    = {Lecture Notes in Computer Science},
  publisher = {Springer}
}

@Book{Kemp:1984,
  author    = {Reiner Kemp},
  title     = {Fundamentals of the Average Case Analysis of 
               Particular Algorithms},
  publisher = {John Wiley \& Sons, B. G. Teubner},
  year      = 1984,
  series    = {Wiley-Teubner Series in Computer Science}
}

@InBook{VitterFlajolet:1990,
  author    = {Jeffrey Scott Vitter and Philippe Flajolet},
  booktitle     = {Algorithms and Complexity},
  title   = {Average-Case Analysis of Algorithms and Data
               Structures},
  publisher = {Elsevier Science},
  year      = 1990,
  volume    = {A},
  series    = {Handbook of Theoretical Computer Science},
  pages     = {431--524}
}

@Book{Wilf:1990,
  author    = {Herbert S. Wilf},
  title     = {Generatingfunctionology},
  publisher = {Academic Press},
  year      = 1990
}

@Book{GrahamKnuthPatashnik:1994,
  author    = {Ronald L. Graham and Donald E. Knuth and Oren
               Patashnik},
  title     = {Concrete Mathematics},
  publisher = {Addison-Wesley},
  year      = 1994,
  edition   = {third}
}

@Article{FlajoletGourdonDumas:1995,
author  = {Philippe Flajolet and Xavier Gourdon and Philippe Dumas},
title   = {{Mellin} Transforms and Asymptotics: {Harmonic} Sums},
journal = {Theoretical Computer Science},
volume  = {144},
year    = {1995},
pages   = {3--58},
issue   = {1&2}
}

@Book{SedgewickFlajolet:1996,
  author    = {Robert Sedgewick and Philippe Flajolet},
  title     = {An Introduction to the Analysis of Algorithms},
  publisher = {Addison-Wesley},
  year      = 1996
}

@InBook{KnuthdeBruijnRice:2000,
  author    = {Donald E. Knuth and Nicolaas G. de Bruijn
               and Stephen O. Rice},
  booktitle     = {Selected Papers on the Analysis of Algorithms},
  title   = {The Average Height of Planted Plane Trees},
  publisher = {CSLI Publications},
  year      = 2000,
  number    = 102,
  series    = {CSLI Lecture Notes},
  address   = {Stanford University, California, USA},  
  pages     = {215--223}
}

@Article{FlajoletNebelProdinger:2006,
  author  = {Philippe Flajolet and Markus Nebel 
             and Helmut Prodinger},
  title   = {The Scientific Works of {Rainer Kemp} (1949--2004)},
  journal = {Theoretical Computer Science},
  year    = 2006,
  volume  = 355,
  number  = 3,
  pages   = {371--381},
  month   = apr
}

@Article{Renault:2008,
  author  = {Marc Renault},
  title   = {Lost (and Found) in Translation: {Andr\'e's} Actual 
             Method and Its Application to the Generalized Ballot 
             Problem},
  journal = {American Mathematical Monthly},
  year    = 2008,
  volume  = 155,
  number  = 4,
  pages   = {358--363},
  month = apr
}

@Book{FlajoletSedgewick:2009,
  author    = {Philippe Flajolet and Robert Sedgewick},
  title     = {Analytic Combinatorics},
  publisher = {Cambridge University Press},
  year      = 2009,
  month     = jan
}

@Article{Humphreys:2010,
  author  = {Katherine Humphreys},
  title   = {A History and a Survey of Lattice Path Enumeration},
  journal = {Journal of Statistical Planning and Inference},
  year    = 2010,
  volume  = 140,
  number  = 8,
  pages   = {2237--2254},
  month   = aug,
  note    = {Special issue on Lattice Path Combinatorics and 
             Applications}
}

@Article{Klarner,
  author = {David A. Klarner}, 
  title = {Correspondence Between Plane Trees and Binary Sequences}, 
  journal = {Journal of  Combinatorial Theory},
  volume = 9,
  year = 1970, 
  pages = {401--411}
}


