@Article{Rinderknecht_2013,
  author   = {Christian Rinderknecht},
  title    = {{A Didactic Analysis of Merge Sort}},
  journal  = {Teaching Mathematics and Computer Science},
  month    = oct,
  year     = 2013,
  volume   = 11,
  number   = 2,
  pages    = {195--210}
}
