@Article{rafiq,
  author  = "O. Rafiq and R. Castanet",
  title   = "From Conformance testing to interoperability testing",
  journal =	"The 3rd Int. Workshop on Protocol Test Systems",
  year    = 1990,
  note     = "Washington DC, USA"
}

@InProceedings{kim,
  author    = "S. Kang and M. Kim",
  title     = "Interoperability test suite derivation for symmetric
		          communication protocols",
  booktitle = "FORTE/PSTV'97",
  year      = 1997
}

@InProceedings{grif,
  author    = "Nancy Griffeth and Ruibing Hao and David Lee and Rakesh K. Sinha",
  title     = "Integrated System Interoperability Testing with Applications to 
              {VOIP}",
  booktitle = "FORTE/PSTV'00",
  year      = 2000,
  address   = "Pize, Italy",
  month     = oct
}

@InProceedings{besse,
  author = {C\'edric Besse and Ana Cavalli and Myungchul Kim and Fatiha 
            Za{\"\i}di},
  title  = "{T}wo methods for interoperability tests generation {A}n application 
           to the {TCP/IP} {P}rotocol",
  note   = {\emph{Submitted for publication}}
}

@InProceedings{hit,
  author    = "Ana Cavalli and David Lee and Christian Rinderknecht
              and Fatiha Za{\"\i}di",
  title     = "Hit-or-{J}ump: {A}n {A}lgorithm for {E}mbedded {T}esting with
              {A}pplications to {IN} {S}ervices",
  editor    = "Jianping Wu and Samuel T. Chanson and Qiang Gao",
  pages     = "41--56",
  booktitle = "Formal Methods for Protocol Engineering And Distributed Systems",
  year      = 1999,
  publisher = "Kluwer Academic",
  address   = "Beijing, China",
  month     = oct
} 
                         
@InProceedings{ASE,
  author       = {C\'edric Besse and Ana Cavalli and David Lee},
  title        = {An {A}utomatic and {O}ptimized {T}est {G}eneration {T}echnique. 
                 {A}pplying to {TCP/IP} {P}rotocol},
  booktitle    = {ASE'99 (14th IEEE International Conference on Automated Software 
                 {E}ngineering)},
  year         = 1999,
  month        = oct,
  organization = {Cocoa Beach, Florida, USA}
}

@InProceedings{Monin,
  author    = {Wei Monin},
  title     = {{P}erformance {E}valuation by simulation of {MQSeries} middleware},
  booktitle = {Africom},
  year      = 2001,
  address   = {Cape Town, South Africa}
}

@InProceedings{Alabau,
  author    = {M. Alabau and P. Combes and B. Renard},
  title     = {{IN} {S}ervice {P}rototyping using {SDL} {M}odels and {A}nimation},
  booktitle = {Ninth SDL Forum},
  year      = 1999,
  address   = {Montr{\'e}al, Canada}
}

@Article{kone,
  author  = "R. Castanet and O. Kone",
  title   = "Deriving coordinated testers for interoperability",
  journal = "Protocol Test Systems",
  year    = 1994, 
  volume  = "VI~(C-19)", 
  pages   = "331--345",
  note    = "Elsevier Science B. V.(North-Holland)"
} 

@TechReport{GPRS,
  author      = "Simon Buckingham",   
  title       = "{A}n {I}ntroduction to the {G}eneral {P}acket {R}adio {S}ervice",
  institution = "GSMworld",
  year        = 2000
} 

@TechReport{wapforum,
  author      = {},
  title       = {Wireless Application Protocol Architecture Specification},
  institution = {WAP Forum},
  year        = 1998,
  month       =	apr
}

@Article{castanet,
  author  = {R. Castanet and O. Kon\'e},
  title   = {{T}est {G}eneration for {I}nterworking {S}ystems} ,
  journal = {Computer Communications},
  year    = 2000,
  volume  = 23,
  number  = {Issue~7},
  month   = mar
}

@InProceedings{laurencot,
  author    = {P. Lauren\c{c}ot and E. Mesnard and J. Toussaint},
  title     = {Mise en {\oe}uvre de tests temporis\'es},
  booktitle = {RTS},
  year      = 2000,
  address   = {Paris, France},
  month     = mar
}
