@Book{ChaillouxManouryPagano:2000, 
  author =	 {Emmanuel Chailloux and Pascal Manoury and Bruno Pagano},
  title = 	 {Programmation d'ap\-plications avec {O}bjective {C}aml},
  publisher = 	 {O'Reilly France},
  year = 	 2000,
  note =	 {700~pp.},
  URL =          "http://caml.inria.fr/oreilly-book/" 
}

@Manual{X.680:2002,
  title        = "Information technology --- {A}bstract {S}yntax
                  {N}otation {O}ne ({ASN.1}): {S}pecification of basic
                  notation",
  organization = "ITU-T Rec. X.680 (2002) or ISO/IEC 8824-1:2002",
  year         = 2002,
  URL          = "http://www.itu.int/ITU-T/studygroups/com17/languages/X.680-0207.pdf"
}   

@Manual{X.681:2002,
  title        = "Information technology --- {A}bstract {S}yntax
                  {N}otation {O}ne ({ASN.1}): {I}nformation object
                  specification", 
  organization = "ITU-T Rec. X.681 (2002) or ISO/IEC 8824-2:2002",
  year         = 2002,
  URL          = "http://www.itu.int/ITU-T/studygroups/com17/languages/X.681-0207.pdf"
}
	  
@Manual{X.682:2002,
  title        = "Information technology --- {A}bstract {S}yntax
                  {N}otation {O}ne ({ASN.1}): {C}onstraint
                  specification",
  organization = "ITU-T Rec. X.682 (2002) or ISO/IEC 8824-3:2002",
  year         = 2002, 
  URL          = "http://www.itu.int/ITU-T/studygroups/com17/languages/X.682-0207.pdf"
}
		  
@Manual{X.683:2002,
  title        = "Information technology --- {A}bstract {S}yntax
                  {N}otation {O}ne ({ASN.1}): {P}arameterization of
                  {ASN.1} specifications", 
  organization = "ITU-T Rec. X.683 (2002) or ISO/IEC 8824-4:2002",
  year         = 2002,
  URL          = "http://www.itu.int/ITU-T/studygroups/com17/languages/X.683-0207.pdf"
}

@Manual{X.690:2002,
  title        = "Information technology --- {ASN.1} {E}ncoding {R}ules:
		  {S}pecification of {B}asic {E}ncoding {R}ules ({BER}),
		  {C}anonical {E}ncoding {R}ules ({CER}) and
                  {D}istinguished {E}ncoding {R}ules ({DER})",
  organization = "ITU-T Rec. X.690 (2002) or ISO/IEC 8825-1:2002",
  year         = 2002,
  URL          = "http://www.itu.int/ITU-T/studygroups/com17/languages/X.690-0207.pdf"
}
		  
@Manual{X.691:2002,
  title        = "Information technology --- {ASN.1} {E}ncoding {R}ules:
		  {S}pecification of {P}acked {E}ncoding {R}ules (PER)", 
  organization = "ITU-T Rec. X.691 (2002) or ISO/IEC 8825-2:2002",
  year         = 2002,
  URL          = "http://www.itu.int/ITU-T/studygroups/com17/languages/X.691-0207.pdf"
}


@Book{Dubuisson:2000,
  author    = "Olivier Dubuisson",
  title     = "{{ASN.1} --- {C}ommunication {B}etween
                {H}eterogeneous {S}ystems}",
  publisher = "Academic Press",
  year      = 2000,
  note      = "ISBN 0-12-6333361-0", 
  URL       = "http://www.oss.com/asn1/dubuisson.html"
}

@Article{Rinderknecht:2003,
  author = 	 {Christian Rinderknecht},
  title = 	 {{A}n {A}lgorithm for {V}alidating
                  \mbox{ASN.1}~(\mbox{X.680}) {S}pecifications using
                  {S}et {C}onstraints},
  journal = 	 {The Computer Journal}, 
  year = 	 2003,
  month =        jul,
  volume =       46,
  number =       4
}
