@Unpublished{Bouyer:2003,
  author = {Patricia Bouyer},
  title  = {{Timed Automata --~From Theory to Implementation}},
  note   = {Tutorial given in Chennai (India), 94~slides},
  month  = jan,
  year   = 2003}

@InCollection{BengtssonYi:2004,
author    = {Johan Bengtsson and Wang Yi},
booktitle = {{Lectures on Concurrency and Petri Nets}},
title     = {{Timed Automata: Semantics, Algo\-rithms and Tools}},
year      = {2004},
volume    = {3098},
series    = {Lecture Notes in Computer Science},
editor    = {J\"org Desel and Wolfgang Reisig and Grzegorz Rozenberg},
publisher = {Springer Berlin Heidelberg},
pages     = {87--124}
}

@Periodical{SchaeferKnappMerz:2001,
  author     = {Timm Sch\"afer and Alexander Knapp and Stephan Merz},
  title      = {{Model Checking UML State Machines and 
                 Collaborations}},
  issuetitle = {Workshop on Software Model Checking},
  pages      = {357--369},
  year       = 2001,
  volume     = 55,
  number     = 3,
  series     = {Electronic Notes in Theoretical Computer Science},
  month      = oct,
  publisher  = {Elsevier}
}

@InProceedings{Knapp2002,
  author    = {Alexander Knapp and Stephan Merz},
  title     = {{Model checking and code generation for UML state
                machines and collaborations}},
  booktitle = {Proceedings of the 5th Workshop on Tools for System
               Design and Verification},
  volume    = {11},
  year      = {2002},
  pages     = {59--64},
  publisher = {Springer}
}

@InProceedings{KnappMerzRauh:2002,
  author    = {Alexander Knapp and Stephan Merz and Christopher
               Rauh},
  title     = {{Model Checking Timed UML State Machines and
               Collaborations}},
  booktitle = {Proceedings of the 7th International Symposium on
               Formal Techniques in Real-Time and Fault Tolerant
              Systems},
  pages     = {395--414},
  year      = 2002,
  volume    = 2469,
  series    = {Lecture Notes in Computer Science},
  publisher = {Springer\hyp{}Verlag}
}

@InProceedings{BalserBaumlerKnappReifThums:2004,
  author    = {Michael Balser and Simon Bäumler and Alexander Knapp
               and Wolfgang Reif and Andreas Thums},
  title     = {{Interactive Verification of UML State Machines}},
  booktitle = {Proceedings of the conference on Formal Methods and
               Software Engineering},
  pages     = {434--448},
  year      = 2004,
  volume    = 3308,
  series    = {Lecture Notes in Computer Science},
  publisher = {Springer\hyp{}Verlag}
}

@InProceedings{GuShin:2004,
  author    = {Zonghua Gu and Kang G. Shin},
  title     = {{Synthesis of Real-Time Implementation from UML-RT
                Models}},
  booktitle = {Proceedings of the 2nd RTAS Workshop on Model-Driven
               Embedded Systems (MoDES)},
  year      = 2004,
  address   = {Toronto, Ontario, Canada},
  month     = may
}

@InProceedings{KnappWuttke:2007,
  author    = {Alexander Knapp and Jochen Wuttke},
  title     = {{Model Checking of UML~2.0 Interactions}},
  booktitle = {Proceedings of the conference on Models in Software
               Engineering},
  pages     = {42--51},
  year      = 2007,
  volume    = 4364,
  series    = {Lecture Notes in Computer Science},
  publisher = {Springer\hyp{}Verlag}
}

@Unpublished{Krueger:2008,
  author = {Ingolf H. Krueger},
  title  = {{Modeling SW-Architectures using UML-RT and UML~2.0}},
  note   = {Tutorial, 43~slides}
}

@MastersThesis{CarlssonJohansson:2009,
  author  = {Mats Carlsson and Lars Johansson},
  title   = {{Formal Verification of UML-RT Capsules using Model
              Checking}},
  school  = {Chalmers University of Technology},
  year    = 2009,
  address = {University of Gothenburg, G\"oteborg, Sweden},
  month   = jun,
  note    = {114~pages}
}

@Article{MunizAndradeLima:2010,
  author    = {André L. N. Muniz and Aline M. S. Andrade and George
               Lima},
  title     = {{Integrating UML and UPPAAL for designing, specifying
                and verifying component\hyp{}based real-time
                systems}},
  journal   = {Innovations in Systems and Software Engineering},
  pages     = {29--37},
  year      = 2010,
  volume    = 6,
  number    = {1-2},
  publisher = {Springer\hyp{}Verlag}
}

@InProceedings{Vardi:2001,
  author    = {Moshe Vardi},
  title     = {{Branching vs. Linear Time: Final Showdown}},
  booktitle = {Proceedings of the 7th conference on Tools and
               Algorithms for the Construction and Analysis of
               Systems},
  year      = 2001,
  volume    = 2031,
  series    = {Lecture Notes in Computer Science},
  address   = {Genova, Italy},
  month     = apr,
  publisher = {Springer\hyp{}Verlag}
}

@Unpublished{Zheng:XXXX,
  author = {Hao Zheng},
  title  = {{Temporal Logics}},
  note   = {Tutorial, 20~slides}
}

@Unpublished{Katoen:2007,
  author = {Joost-Pieter Katoen},
  title  = {{CTL, LTL and CTL$^{*}$}},
  note   = {Tutorial, 33~slides},
  year   = 2007
}

@Unpublished{Raimondi:2008,
  author = {F. Raimondi},
  title  = {{The temporal logic CTL --~A gentle introduction}},
  note   = {Tutorial, 35~slides},
  year   = 2008
}

@Unpublished{Bellarmine_Krug:2010,
  author = {Robert Bellarmine Krug},
  title  = {{CTL vs. LTL}},
  note   = {Tutorial, 40~slides},
  month  = may,
  year   = 2010
}

@Unpublished{Kaliappan:2008,
  author = {Prabhu Shankar Kaliappan},
  title  = {{Model based verification techniques --~State of
             the Art}},
  note   = {Brandenburg University of Technology, Cottbus, Germany},
  month  = may,
  year   = 2008}

@InProceedings{GuentherMiliusMoeller:2012,
  author    = {Henning G\"unther and Stefan Milius and Oliver
               M\"oller},
  title     = {{On the Formal Verification of Systems of
                Synchronous Software Components}},
  booktitle = {Procedings of the 31st International Conference on
               Computer Safety, Reliability, and Security
              (SAFECOMP)},
  pages     = {291--304},
  year      = 2012,
  volume    = 7612,
  address   = {Magdebourg, Germany},
  month     = sep
}

@Unpublished{Zheng:YYYY,
  author = {Hao Zheng},
  title  = {{Introduction to Computer Aided Verification}},
  note   = {Tutorial, 41~pages}
}

@Unpublished{Benac_EarleFredlund:2010,
  author = {Clara Benac Earle and Lars-{\AA}ke Fredlund},
  title  = {{McErlang: A Tutorial}},
  note   = {Universidad Polit\'ecnica de Madrid, Spain},
  month  = oct,
  year   = 2010
}

@InProceedings{Benac_EarleFredlund:2012,
  author    = {Clara Benac Earle and Lars-{\AA}ke Fredlund},
  title     = {{Verification of Timed Erlang Programs Using
                McErlang}},
  booktitle = {Proceedings of the joint conference on Formal
               Techniques for Distributed Systems},
  pages     = {251--267},
  year      = 2012,
  volume    = 7273,
  series    = {Lecture Notes in Computer Science},
  address   = {Stockholm, Sweden},
  month     = jun
}

@Unpublished{Anonymous:XXXX,
  author = {Anonymous},
  title  = {{QuickCheck and McErlang integration}},
  note   = {3~pages}
}

@Unpublished{Benac_EarleFredlund:XXXX,
  author = {Clara Benac Earle and Lars-{\AA}ke Fredlund},
  title  = {{McErlang -~A tool for model checking Erlang
             programs in Erlang}},
  note   = {Tutorial, 39~pages}
}

@Unpublished{Svensson:XXX,
  author = {Hans Svensson},
  title  = {{QuickCheck-McErlang Integration Tutorial}},
  note   = {8~pages}
}

@TechReport{JensenLarsenSkou:1996,
  author      = {Henrik Ejersbo Jensen and Kim G. Larsen and Arne
                 Skou},
  title       = {{Modelling and Analysis of a Collision Avoidance
                  Protocol using SPIN and UPPAAL}},
  institution =  {BRICS, Department of Computer Science},
  year        = 1996,
  number      = {BRICS RS-96-24},
  address     = {University of Aarhus, Aarhus, Denmark},
  month       = jul,
  note        = {23~pages}
}

@MastersThesis{Lingegowda:2006,
  author  = {Vasu Hossaholal Lingegowda},
  title   = {{Building Graphical Promela Models using UPPAAL
              GUI}},
  school  = {Department of Computer Science},
  year    = 2006,
  address = {Aalborg University, Aalborg, Denmark},
  month   = mar,
  note    = {41~pages}
}

@Article{NabialekJanowskaJanowski:2008,
  author  = {Wojciech Nabia{\l}ek and Agata Janowska and Pawe{\l}
             Janowski},
  title   = {{Translation of Timed Promela to Timed Automata with
              Discrete Data}},
  journal = {Fundamenta Informatic{\ae} --~Concurrency
             Specification and Programming (CS\&P)},
  year    = 2008,
  volume  = 85,
  number  = {1-4},
  pages   = {409--424},
  month   = sep,
  note    = {IOS Press, Amsterdam, The Netherlands}
}

@Misc{Abel:2009,
  note    = {Bachelor thesis},
  author  = {Andreas Abel},
  title   = {{From UPPAAL to Slab}},
  school  = {Department of Computer Science},
  year    = {2009},
  address = {Faculty of Natural Sciences and Technology~I,
             Saarland University, Germany}
}

@InProceedings{AlzahraniGeorgieva:2013,
  author    = {Mohammed Alzahrani and Lilia Georgieva},
  title     = {{A comparative analysis of time-sensitive web
                applications using SPIN and UPPAAL}},
  booktitle = {Proceedings of the 20th Automated
               Reasoning Workshop (ARW)},
  year      = 2013,
  address   = {School of Computing, University of Dundee, United
               Kingdom},
  month     = apr
}

@InProceedings{TripakisCourcoubetis:1996,
  author    = {Stavros Tripakis and Costas Courcoubetis},
  title     = {{Extending Promela and SPIN for real time}},
  booktitle = {Proceedings of the 2nd International Workshop on
               Tools and Algorithms for the Construction and
               Analysis of Systems (TACAS)},
  pages     = {329--348},
  year      = 1996,
  publisher = {Springer}
}

@Article{Holzmann:1997,
  author  = {Gerard J. Holzmann},
  title   = {{The Model Checker SPIN}},
  journal = {IEEE Transactions on Software Engineering},
  year    = 1997,
  volume  = 23,
  number  = 5,
  month   = may
}

@InBook{Bosnacki:2002,
  author    = {Dragan Bo\v{s}na\v{c}ki and Dennis Dams},
  title     = {{Enhancing State Space Reduction Techniques for
                Model Checking}},
  chapter   = {{Integrating Real Time into SPIN: A Prototype
                Implementation}},
  publisher = {Eindhoven University Press},
  year      = 2002,
  note      = {PhD thesis}
}

@Unpublished{Ruys:2002,
  author = {Theo C. Ruys},
  title  = {{SPIN Beginners' Tutorial}},
  note   = {SPIN Workshop, Grenoble, France},
  month  = apr,
  year   = 2002
}

@Article{vanGasterLensingSmetsersvanEekelen:2011,
  author    = {Bernard van Gastel and Leonard Lensink and Sjaak
               Smetsers and Marko van Eekelen},
  title     = {{Deadlock and starvation free reentrant
                  Readers\hyp{}Writers --~A case study combining model
                  checking with theorem proving}},
  journal   =  {Science of Computer Programming},
  year      = 2011,
  volume    = 76,
  number    = 2,
  pages     = {82--99},
  month     = feb,
  publisher = {Elsevier},
  note      = {Selected papers from the workshops on Formal Methods
               for Industrial Critical Systems }
}

@Unpublished{Kluppelholz:2012,
  author = {Sasha Kl\"{u}ppelholz},
  title  = {{Tutorial on SPIN and PROMELA}},
  note   = {Institut f\"{u}r Theoretische Informatik, 164~pages},
  month  = nov,
  year   = 2012
}

@PhdThesis{Moeller:2002,
  author = {Oliver M\"{o}ller},
  title  = {{Structure and Hierarchy in Real-Time Systems}},
  school = {Department of Computer Science, University of
            Aarhus, Denmark},
  year   = 2002,
  key    = {DS-02-1},
  month  = apr,
  note   = {BRICS Dissertation Series, 247~pages}
}

@Unpublished{Meenakshi:XXXX,
  author = {B. Meenakshi},
  title  = {{A tutorial on SPIN}},
  note   = {Honeywell Technology Solutions Lab, Bangalore, India
            (39~pages)}
}

@Unpublished{Roychoudhury:XXXX,
  author = {Abhik Roychoudhury},
  title  = {{SPIN Model Checker}},
  note   = {15~pages}
}

@InProceedings{PangKarstensFokkink:2003,
  author    = {Jun Pang and Bart Karstens and Wan Fokkink},
  title     = {{Analyzing the redesign of a distributed lift system
              in UPPAAL}},
  booktitle = {Proceedings of the 5th Conference on Formal
               Engineering Methods (ICFEM)},
  pages     = {504--522},
  year      = 2003,
  volume    = {2885},
  series    = {Lecture Notes in Computer Science},
  address   = {Singapore},
  month     = nov,
  publisher = {Springer}
}

@InProceedings{GodskesenGryn:2006,
  author    = {Jens Godskesen and Olena Gryn},
  title     = {{Modelling and Verification of Security Protocols
                for Ad Hoc Networks Using UPPAAL}},
  booktitle = {Proceedings of the 18th Nordic Workshop on
               Programming Theory},
  year      = 2006,
  address   = {Oslo, Norway},
  month     = dec
}

@InProceedings{HanssenMaderJanseen:2006,
  author    = {Ferdy Hanssen and Angelika Mader and Pierre Jansen},
  title     = {{Verifying the Distributed Real-Time Network
                Protocol RTnet Using UPPAAL}},
  booktitle = {Proceedings of the 14th IEEE International Symposium
               on Modeling, Analysis, and Simulation (MASCOTS)},
  pages     = {239--246},
  year      = 2006
}

@InProceedings{FokkinkKakebeePang:2007,
  author    = {Wan Fokkink and Allard Kakebeen and Jun Pang},
  title     = {{Adapting the UPPAAL model of a distributed lift
               system}},
  booktitle = {Proceedings of the 2nd Symposium on Fundamentals of
               Software Engineering},
  pages     = {81--97},
  year      = 2007,
  volume    = {4767},
  series    = {Lecture Notes in Computer Science},
  address   = {Tehran, Iran},
  month     = aug,
  publisher = {Springer}
}

@InProceedings{vanGasterLensingSmetsersvanEekelen:2008,
  author    = {Bernard van Gastel and Leonard Lensink and Sjaak
               Smetsers and Marko van Eekelen},
  title     = {{Reentrant Readers\hyp{}Writers --~A case study
                  combining model checking with theorem proving}},
  booktitle = {Proceedings of the 13th International Workshop on
               Formal Methods for Industrial Critical Systems
               (FMICS)},
  pages     = {85--102},
  year      = 2008,
  editor    = {D. Cofer and A. Fantechi},
  volume    = 5596,
  series    = {Lecture Notes in Computer Science},
  address   = {L'Aquila, Italy},
  month     = sep,
  publisher = {Springer\hyp{}Verlag}
}

@InProceedings{Boudjadar_et_al:2013,
  author    = {Abdeldjalil Boudjadar and Frits Vaandrager and
               Jean-Paul Bodeveix and Mamoun Filali},
  title     = {{Extending UPPAAL for the Modeling and Verification
                of Dynamic Real-time Systems}},
  booktitle = {Proceedings of international conference on
               Fundamentals of Software Engineering},
  year      = 2013,
  month     = apr,
  address   = {Teh\-ran, Iran}
}

@Manual{LarsenMikucionisNielsen:2009,
  title        = {{UPPAAL TRON User Manual}},
  author       = {Kim G. Larsen and Maris Mika\v{c}ionis and Brian
                  Nielsen},
  organization = {CISS, BRICS and Aalborg University, Denmark},
  month        = jun,
  year         = 2009
}

@InProceedings{David_et_al:2011,
  author    = {Alexandre David and Kim G. Larsen and Axel Legay and
               Marius Miku\v{c}ionis and Danny B{\o}gsted Poulsen
               and Jonas van Vliet and Zheng Wang},
  title     = {{Statistical Model Checking for Networks of Priced
               Timed Automata}},
  booktitle = {Proceedings of the 9th International Conference on
               Formal Modeling and Analysis of Timed Systems},
  pages     = {80--96},
  year      = 2011,
  volume    = 6919,
  series    = {Lecture Notres in Computer Science},
  address   = {Aalborg, Denmark},
  month     = sep,
  publisher = {Springer\hyp{}Verlag}
}

@InProceedings{Bulychev_et_al:2012,
  author    = {Peter Bulychev and Alexandre David and Kim G. Larsen
               and Axel Legay and Marius Miku\v{c}ionis and Danny
               B{\o}gsted Poulsen and Axel Legay and Zheng Wang},
  title     = {{UPPAAL-SMC: Statistical Model Checking for Networks
                of Priced Timed Automata}},
  booktitle = {Proceedings of the 10th Workshop on Quantitative
               Aspects of Programming Languages and Systems (QAPL)},
  pages     = {1--16},
  year      = 2012
}

@Unpublished{David:2012,
  author = {Alexandre David},
  title  = {{Checking and Distributing Statistical
                  Model\hyp{}Checking}},
  note   = {Tutorial, 37~pages},
  year   = 2012
}

@Unpublished{LegayDavid:2012,
  author = {Axel Legay and Alexandre David},
  title  = {{Statistical Model Checking}},
  note   = {Tutorial, 21~pages},
  month  = feb,
  year   = 2012
}

@InProceedings{LarsenMikucionisNielsen:2004,
  author    = {Kim G. Larsen and Marius Miku\v{c}ionis and Brian
               Nielsen},
  title     = {{Online Testing of Real-time Systems Using UPPAAL}},
  booktitle = {Proceedings of the 4th International Workshop on
               Formal Approaches to Software Testing (FATES)},
  pages     = {79--94},
  year      = 2004,
  volume    = 3395,
  series    = {Lecture Notes in Computer Science},
  address   = {Linz, Austria},
  month     = sep
}

@InProceedings{ChandrasekaranMukund:2006,
  author    = {Prakash Chandrasekaran and Madhavan Mukund},
  title     = {{Matching scenarios with timing constraints}},
  booktitle = {Proceedings of the 4th International Conference on
               Formal Modeling and Analysis of Timed Systems},
  pages     = {98--112},
  year      = 2006,
  volume    = 4202,
  series    = {Lecture Notes in Computer Science}
}

@InProceedings{Hessel_et_al:2008,
  author    = {Anders Hessel and Kim G. Larsen and Marius
               Miku\v{c}ionis, Brian Nielsen and Paul Pettersson
               and Arne Skou},
  title     = {{Testing Real-Time Systems Using UPPAAL}},
  booktitle = {Proceedings of the conference on Formal Methods and
               Testing},
  pages     = {77--117},
  year      = 2008,
  volume    = 4949,
  series    = {Lecture Notes in Computer Science},
  publisher = {Springer\hyp{}Verlag}
}

@InProceedings{Amnell:2001,
  author    = {Tobias Amnell and Gerd Behrmann and Johan Bengtsson and
                  Pedro R. D’Argenio and Alexandre David and Ansgar
                  Fehnker and Thomas Hune and Bertrand Jeannet and Kim
                  G. Larsen and M. Oliver M\"{o}ller and Paul
                  Pettersson and Carsten Weise and Wang Yi},
  title     = {{UPPAAL --~Now, Next, and Future}},
  booktitle = {Proceedings of the 4th Summer School on Modeling and
               Verification of Parallel Processes (MOVEP)},
  pages     = {99--124},
  year      = 2000,
  volume    = 2067,
  series    = {Lecture Notes in Computer Science},
  address   = {Nantes, France},
  month     = jun
}

@Unpublished{Saal:2004,
  author = {Kaarel Saal},
  title  = {{Proving properties with UPPAAL}},
  note   = {Technical University of Tallinn, Tutorial, 12~pages},
  year   = 2004
}

@Unpublished{DavidPettersson:2005,
  author = {Alexandre David and Paul Pettersson},
  title  = {{UPPAAL Tutorial (Modeling Patterns)}},
  note   = {Tutorial, 11~pages},
  year   = 2005
}

@InProceedings{BehrmannDavidLarsen:2004,
  author     = {Gerd Behrmann and Alexandre David and Kim
                G. Larsen},
  title     = {{A Tutorial on UPPAAL~4.0}},
  booktitle = {Proceedings of the 4th International School on
               Formal Methods for the Design of Computer,
               Communication and Software Systems: Real Time
               (SFM-RT)},
  pages     = {200--236},
  year      = 2004,
  volume    = 3185,
  series    = {Lecture Notes in Computer Science},
  address   = {Bertinoro University, Bertinoro, Italy},
  month     = sep,
  publisher = {Springer\hyp{}Verlag}
}

@Unpublished{Anonymous:2009,
  author = {Anonymous},
  title  = {{UPPAAL~4.0: Small Tutorial}},
  note   = {11~pages},
  month  = nov,
  year   = 2009
}

@Unpublished{Anonymous:YYYY,
  author = {Anonymous},
  title  = {{Verifying Real-Time Systems --~The UPPAAL Model
             Checker}},
  note   = {28~pages}
}

@Unpublished{BehrmannLarsen:XXXX,
  author = {Gerd Behrmann and Kim Larsen},
  title  = {{Intro to UPPAAL}},
  note   = {BRICS \& Aalborg University, 23~pages}
}

@InBook{Vaandrage:2013,
  ALTauthor = {Frits Vaandrager},
  ALTeditor = {Jan Tretmans},
  title     = {{Quasimodo Handbook}},
  chapter   = {{A First Introduction to UPPAAL}},
  publisher = {The Quasimodo Project (Quantitative System
               Properties in Model-Driven Design of Embedded
               Systems)},
  year      = {2013}
}

@Unpublished{Zuker:XXXX,
  author = {Einat Zuker},
  title  = {{UPPAAL --~Verification of real-time systems}},
  note   = {Tutorial, 39~pages}
}

@InProceedings{PajicJiangLeeSokolskyMangharam:2012,
  author    = {Miroslav Pajic and Zhihao Jiang and Insup Lee and
               Oleg Sokolsky and Rahul Mangharam},
  title     = {{From Verification to Implementation: A Model
                Translation Tool and a Pacemaker Case Study}},
  booktitle = {Proceedings of the 18th IEEE Real-Time and Embedded
              Technology and Applications Symposium (RTAS)},
  pages     = {173--184},
  year      = 2012,
  month     = apr
}

@TechReport{Loefller:1996,
  author      = {Siegfried L\"{o}ffler},
  title       = {{From Specificiation to Implementation: A PROMELA to
                  C Compiler}},
  institution = {\'Ecole Nationale Sup\'erieure des
                 T\'el\'ecommunications},
  year        = 1996,
  address     = {Paris, France}
}

@TechReport{Hendriks:2001,
  author      = {Martijn Hendriks},
  title       = {{Translating UPPAAL to Not Quite~C}},
  institution = {University of Nijmegen},
  year        = 2011,
  key         = {CSI-R0108},
  address     = {Nijmegen, The Netherlands},
  month       = mar
}

@Unpublished{KristensenMejlholmPedersen:XXXX,
  author = {Jesper Kristensen and Arne Mejlholm and S{\o}ren Pedersen},
  title  = {{Automatic Translation from UPPAAL to~C}},
  note   = {15~pages}
}

@Book{Holzmann:2003,
  author    = {Gerard J. Holzmann},
  title     = {{The SPIN Model Checker --~The Primer and Reference
               Manual}},
  publisher = {Addison-Wesley},
  year      = 2003,
  month     = sep
}

@Book{Benari:2008,
  author    = {Mordechai Ben-Ari},
  title     = {{Principles of the Spin Model Checker}},
  publisher = {Springer},
  year      = 2008
}

@MastersThesis{Jiang:2009,
  author = {Ke Jiang},
  title  = {{Model Checking C Programs by Translating C to
             Promela}},
  school = {Uppsala University, Uppsala, Sweden},
  year   = 2009
}

@Unpublished{Schneider:2007,
  author = {Gerardo Schneider},
  title  = {{Promela Semantics}},
  note   = {Tutorial, 44~pages}
}
