@InProceedings{FORTE99,
  author = 	 "Ana Cavalli and David Lee and Christian Rinderknecht
		  and Fatiha Zaïdi",
  title = 	 "Hit-or-{J}ump: {A}n {A}lgorithm for {E}mbedded {T}esting with
		  {A}pplications to {IN} {S}ervices",
  editor =	 "Jianping Wu and Samuel T. Chanson and Qiang Gao",
  pages =	 "41--56",
  booktitle =	 "Formal Methods for Protocol Engineering And
		  Distributed Systems",
  year =	 1999,
  publisher =	 "Kluwer Academic",
  address =	 "Pékin, Chine",
  month =	 oct
}

@InProceedings{GDIR99,
  author = 	 "Ana Cavalli and David Lee and Christian Rinderknecht
		  and Fatiha Zaïdi",
  title = 	 "Hit-or-{J}ump: {U}n algorithme pour le test imbriqué
		  avec des applications aux services {R.I.}",
  booktitle =	 "Journées Doctorales Informatiques et Réseaux",
  year =	 1999,
  organization = "Institut National des Télécommunications",
  address =	 "Évry, France",
  month =	 nov
}


@Unpublished{ICNP,
  author = 	 "A. Cavalli and B. Defude, Ch. Rinderknecht and F. Zaïdi",
  title = 	 "Service-components testing and tests execution on a
		  {CORBA} platform",
  note = 	 "submitted to ISCC'2001",
  year =	 2000,
  month =	 "may"
}
@InProceedings{CFIP,
  author = 	 "A. Cavalli and B. Defude, Ch. Rinderknecht and F. Zaïdi",
  title = 	 "Test de composants de service et exécution de tests
		  sur une plateforme {CORBA}",
  editor =	 "Jean-Pierre Courtiat, Michel Diaz, Patrick Sénac",
  pages =	 "363--378",
  booktitle =	 "CFIP'2000 Ingénierie des protocoles",
  year =	 2000,
  publisher =	 "Hermes",
  address =	 "Toulouse, France",
  month =	 oct
}

@MastersThesis{DEA,
  author = 	 "Fatiha Zaïdi",
  title = 	 "Simulation et test de transactions avancées",
  school = 	 "Université d'Evry",
  year = 	 1997,
  month =	 "Septembre"
}

@Unpublished{tuto,
  author = 	 "Fatiha Zaidi",
  title = 	 "Technical presentation of the TESTGEN-SDL Tool for
		  the INT",
  note = 	 " FM'99 World Congress on Formal Methods in Development of Computing Systems, Toulouse, FRANCE",
  year =	 1999
}

@Proceedings{snpd,
  title = 	 "Automatic embedded test generation",
  year = 	 2000,
  address =	 "University of Reims",
  month =	 "may",
  note =	 "Tutorial of the International Conference on Software Engineering Applied to Networking and Parallel/ Distributed Computing
(SNPD'2000)"
}
