@InProceedings{cfip99,
  author = 	 "M. Ionescu and A. Cavalli",
  title = 	 "Test imbriqué du protocole {MAP}-{GSM}",
  booktitle =	 "Proceedings of CFIP'99",
  year =	 1999,
  address =	 "Nancy",
  month =	 apr
}
@InProceedings{geib99,
  author =   "C. Gransart and P. Merle and J.M. Geib",
  title =    "GoodeWatch: Supervision of {CORBA} Applications",
  booktitle =    "Proceedings of ECOOP'99 Workshop on Object-Orientation and Operating Systems",
  year =     1999,
  address =  "Lisbonne, Portugal",
  month =    jun
} 

@Unpublished{castor,
  author = 	 "CASTOR",
  title = 	 "{C}onception d'un {A}telier de création de
		  {S}ervices pour les plateformes {T}ina, {CORBA} et {RI}.",
  note = 	 "Partenaires Alcatel, France-Telecom-CNET, Verilog, INT.
Projet pré-compétitif RNRT, \url{www-inf.int-evry.fr/~castor}",
  OPTcrossref =  "",
  OPTkey = 	 "",
  OPTyear = 	 "1998",
  OPTmonth = 	 "",
  OPTannote = 	 ""
}

@InProceedings{cfip00,
  author =       "A. Cavalli and B. Defude and Ch. Rinderknecht and F. Zaïdi",
  title =        "Test de composants de service et exécution de tests
                  sur une plateforme {CORBA}",
  editor =       "Jean-Pierre Courtiat, Michel Diaz, Patrick Sénac",
  pages =        "363--378",
  booktitle =    "CFIP'2000 Ingénierie des protocoles",
  year =         2000,
  publisher =    "Hermes",
  address =      "Toulouse, France",
  month =        oct
}

@InProceedings{chine,
  author = 	 "A. Cavalli and D. Lee and Ch. Rinderknecht and F. Zaïdi",
  title = 	 "{H}it-or-{J}ump: An {A}lgorithm for {E}mbedded {T}esting with {A}pplications to {IN} {S}ervices",
  booktitle =	 "Proceedings of FORTE/PSTV'99",
  year =	 1999,
  address =	 "Beijing, China",
  month =	 oct
}

@InProceedings{bourhfir,
  author = 	 "C. Bourhfir and R. Dssouli and E. Aboulhamid and N. Rico",
  title = 	 "A guided incremental test case generation procedure
		  for conformance testing for {CEFSM} specified protocols",
  booktitle =	 "IWTCS'98",
  year =	 1998,
  address =	 "Tomsk, Russia",
  month =	 aug
}

@InProceedings{IEEE,
  author = 	 "D. Lee and K. Sabnani and D. Kristol and S. Paul",
  title = 	 "Conformance {T}esting of {P}rotocols {S}pecified as
		  {C}ommunicating {F}inite {S}tate {M}achines - {A} {G}uided
		  {R}andom {W}alk {B}ased {A}pproach",
  volume =	 {44, No.5},
 booktitle =	 "IEEE Transactions on Communications",
  year =	 1996,
  month =	 may
}
@InProceedings{luis,
  author = 	 "L. Paula Lima and A. Cavalli",
  title = 	 "Exécution de tests de services sur une plate-forme distribuée",
  booktitle =	 "Proceedings NOTERE'97",
  year =	 1997,
  address =	 "Pau, France",
  month =	 nov
}

@InProceedings{testcomposer,
  author = 	 "A. Kerbrat and T. Jeron and R. Groz",
  title = 	 "Automated test generation from {SDL} specifications",
  editor =	 "R. Dssouli and G.V. Bochman and Y. Lahav",
  booktitle =	 "SDL'99",
  year =	 1999,
  publisher =	 "Elsiever Science"
}

@InProceedings{groz,
  author = 	 "M. Clatin and R. Groz and M. Phalippou and R. Thummel",
  title = 	 "Two approaches linking test generation with verification techniques",
  editor =	 "A. Cavalli and S. Budkowski",
  booktitle =	 "Protocol Test Systems VII",
  year =	 1996,
  publisher =	 "Chapman \& Hall"
}
@Manual{itu,
  title = 	 "Recommendation Z.100 : CCITT Specification and
		  Description Language (SDL)",
  organization = "ITU",
  year =	 1992
}

@Manual{mscitu,
  title = 	 "Recommendation Z. 120 {M}essage {S}equence {C}harts, (MSC)",
  organization = "ITU-T",
  address =	 "Geneva",
  year =	 1996
}

@Manual{ISO1991,
  title = 	 "Information Technology, Open Systems
		  Interconnection, Conformance Testing Methodology
		  and Framework, International Standard IS-9646",
  organization = "ISO",
  year = 	 1991
}
