@Article{McIlroy_1974,
  author  = {M. D. McIlroy},
  title   = {The number of 1's in the binary integers: {B}ounds
             and extremal properties},
  journal = {SIAM Journal on Computing},
  year    = 1974,
  volume  = 3,
  number  = 4,
  pages   = {255--261},
  month   = dec,
  note    = {Society for Industrial and Applied Mathematics}
}

@Book{Okasaki:1998,
  author    = {Chris Okasaki},
  title     = {Purely Functional Data Structures},
  publisher = {Cambridge University Press},
  year      = 1998
}

@Book{FlajoletSedgewick:2009,
  author    = {Philippe Flajolet and Robert Sedgewick},
  title     = {Analytic Combinatorics},
  publisher = {Cambridge University Press},
  year      = 2009,
  month     = jan
}

@Article{Bush:1940,
  author  = {L. E. Bush},
  title   = {An Asymptotic Formula for the Average Sum of the
             Digits of Integers},
  journal = {The American Mathematical Monthly},
  year    = 1940,
  volume  = 47,
  number  = 3,
  pages   = {154--156},
  month   = mar
}

@Article{PannyProdinger:1995,
  author  = {Wolfgang Panny and Helmut Prodinger},
  title   = {Bottom-up Mergesort--{A} detailed analysis},
  journal = {Algorithmica},
  year    = 1995,
  volume  = 14,
  number  = 4,
  pages   = {340--354},
  month   = oct
}

@Article{Delange:1975,
  author  = {Hubert Delange},
  title   = {Sur la fonction sommatoire de la fonction ``somme des chiffres''},
  journal = {L'Enseignement Math\'ematique},
  year    = 1975,
  volume  = {XXI},
  number  = 1,
  pages   = {31--47}
}

@Book{Knuth:1998,
  author    = {Donald E. Knuth},
  title     = {Sorting and Searching},
  publisher = {Addison-Wesley},
  year      = 1998,
  volume    = 3,
  series    = {The Art of Computer Programming},
  edition   = {2nd}
}

@Book{Knuth:1997,
  author    = {Donald E. Knuth},
  title     = {Fundamental Algorithms},
  publisher = {Addison-Wesley},
  year      = 1997,
  volume    = 1,
  series    = {The Art of Computer Programming},
  edition   = {3rd}
}

@Book{GrahamKnuthPatashnik:1994,
  author    = {Ronald L. Graham and Donald E. Knuth and Oren Patashnik},
  title     = {Concrete Mathematics},
  publisher = {Addison-Wesley},
  year      = 1994,
  edition   = {2nd}
}

@Book{CormenLeisersonRivestStein:2009,
  author    = {Thomas H. Cormen and Charles E. Leiserson and
               Ronald L. Rivest and Clifford Stein},
  title     = {Introduction to Algorithms},
  publisher = {The MIT Press},
  year      = 2009,
  edition   = {3rd}
}

@InProceedings{Borwein:1992,
  author    = {Peter B. Borwein},
  title     = {On the irrationality of certain series},
  booktitle = {Mathematical Proceedings of the Cambridge
               Philosophical Society},
  pages     = {141--146},
  year      = 1992,
  volume    = 112
}

@Article{ChenHwangChen:1999,
  author  = {Wei-Mei Chen and Hsien-Kuei Hwang and Gen-Huey Chen},
  title   = {The cost distribution of queue-mergesort, optimal
             mergesorts, and power-of-2 rules},
  journal = {Journal of Algorithms},
  year    = 1999,
  volume  = 30,
  number  = 2,
  pages   = {423--448},
  month   = feb
}

@InBook{Knuth:1996,
  author    = {Donald E. Knuth},
  title     = {Selected Papers on Computer Science},
  chapter   = {Von Neumann's First Computer Program},
  publisher = {CSLI Publications},
  year      = 1996,
  pages     = {205--226}
}

@Book{SedgewickFlajolet:1996,
  author    = {Robert Sedgewick and Philippe Flajolet},
  title     = {An Introduction to the Analysis of Algorithms},
  publisher = {Addison-Wesley},
  year      = 1996
}

@Book{Knuth:2000,
  author    = {Donald E. Knuth},
  title     = {Selected Papers on the Analysis of Algorithms},
  publisher = {CSLI Publications},
  year      = 2000
}

@InBook{VitterFlajolet:1990,
  author    = {Jeffrey Scott Vitter and Philippe Flajolet},
  title     = {Algorithms and Complexity},
  chapter   = {Average-Case Analysis of Algorithms and Data Structures},
  publisher = {Elsevier Science},
  year      = 1990,
  volume    = {A},
  series    = {Handbook of Theoretical Computer Science},
  pages     = {431--524}
}

@Article{FlajoletGolin:1994,
  author  = {Philippe Flajolet and Mordecai Golin},
  title   = {Mellin Transforms and Asymptotics: {T}he Mergesort
             Recurrence},
  journal = {Acta Informatica},
  year    = 1994,
  volume  = 31,
  number  = 7,
  pages   = {673--696}
}

@Article{GolinSedgewick:1993,
  author  = {Mordecai J. Golin and Robert Sedgewick},
  title   = {Queue-mergesort},
  journal = {Information Processing Letters},
  year    = 1993,
  volume  = 48,
  number  = 5,
  pages   = {253--259},
  month   = dec
}

@Book{Martin:2001,
  author    = {George Edward Martin},
  title     = {Counting: {The} Art of Enumerative Combinatorics},
  publisher = {Springer},
  year      = 2001
}

@Article{Hwang:1998,
  author  = {Hsien-Kuei Hwang},
  title   = {Asymptotic expansions of the mergesort recurrences},
  journal = {Acta Informatica},
  year    = 1998,
  volume  = 35,
  number  = 11,
  pages   = {911--919},
  month   = nov
}

@Book{Rinderknecht:2012a,
  author    = {Christian Rinderknecht},
  title     = {\textbf{Design and Analysis of Purely Functional Programs}},
  publisher = {College Publications},
  year      = 2012,
  month     = jan,
  volume    = 15,
  series    = {Texts in Computing},
  address   = {United Kingdom}
}

@Article{McIlroy:1974,
  author  = {M. D. McIlroy},
  title   = {The number of 1's in the binary integers: {B}ounds and
             extremal properties},
  journal = {SIAM Journal on Computing},
  year    = 1974,
  volume  = 3,
  number  = 4,
  pages   = {255--261},
  month   = dec,
  note    = {Society for Industrial and Applied Mathematics}
}
